%2002
@article{Akyildiz:2002,
title = "Wireless sensor networks: a survey",
journal = "Computer Networks",
volume = "38",
number = "4",
pages = "393 - 422",
year = "2002",
issn = "1389-1286",
doi = "https://doi.org/10.1016/S1389-1286(01)00302-4",
author = "I.F. Akyildiz and W. Su and Y. Sankarasubramaniam and E. Cayirci",
}



%2003

%2004

%2005
@article{Sterling:2005,
  title={Shaping Things (Mediaworks Pamphlets)},
  author={Sterling, Bruce},
  year={2005},
  publisher={The MIT Press}
}

%2006


%2007
@article{Armenio:2007,
  title={The EPCglobal architecture framework},
  author={Armenio, Felice and Barthel, Henri and Burstein, Leo and Dietrich, Paul and Duker, John and Garrett, John and Hogan, Bernie and Ryaboy, Oleg and Sarma, Sanjay and Schmidt, Johannes and others},
  journal={Final Version},
  volume={1},
  year={2007}
}

%2008 ====
@inproceedings{Buettner:2008,
 author = {Buettner, Michael and Prasad, Richa and Sample, Alanson and Yeager, Daniel and Greenstein, Ben and Smith, Joshua R. and Wetherall, David},
 title = {RFID Sensor Networks with the Intel WISP},
 booktitle = {Proceedings of the 6th ACM Conference on Embedded Network Sensor Systems},
 series = {SenSys '08},
 year = {2008},
 isbn = {978-1-59593-990-6},
 location = {Raleigh, NC, USA},
 pages = {393--394},
 numpages = {2},
 url = {http://doi.acm.org/10.1145/1460412.1460468},
 doi = {10.1145/1460412.1460468},
 acmid = {1460468},
 publisher = {ACM},
 address = {New York, NY, USA},
 keywords = {rfid, sensor networks},
} 


%2009

@inproceedings{Ioan:2009,
  title={A joint roadmap for semantic technologies and the internet of things},
  author={Toma, Ioan and Simperl, Elena and Hench, Graham},
  booktitle={Proceedings of the Third STI Roadmapping Workshop, Crete, Greece},
  volume={1},
  pages={140--53},
  year={2009}}

%2010
@article{Atzori:2010,
title = "The Internet of Things: A survey",
journal = "Computer Networks",
volume = "54",
number = "15",
pages = "2787 - 2805",
year = "2010",
issn = "1389-1286",
doi = "https://doi.org/10.1016/j.comnet.2010.05.010",
author = "Luigi Atzori and Antonio Iera and Giacomo Morabito",
keywords = "Internet of Things, Pervasive computing, RFID systems"
}

%2011
@article{Vermesan:2011,
  title={Internet of things strategic research roadmap},
  author={Vermesan, Ovidiu and Friess, Peter and Guillemin, Patrick and Gusmeroli, Sergio and Sundmaeker, Harald and Bassi, Alessandro and Jubert, Ignacio Soler and Mazura, Margaretha and Harrison, Mark and Eisenhauer, Markus and others},
  journal={Internet of Things-Global Technological and Societal Trends},
  volume={1},
  number={2011},
  pages={9--52},
  year={2011},
  publisher={Rivers Publishers Aalborg}
}

%2012

%2013

%2014
@article{Perera:2014a,
  title={Sensing as a service model for smart cities supported by internet of things},
  author={Perera, Charith and Zaslavsky, Arkady and Christen, Peter and Georgakopoulos, Dimitrios},
  journal={Transactions on Emerging Telecommunications Technologies},
  volume={25},
  number={1},
  pages={81--93},
  year={2014a},
  publisher={Wiley Online Library}
}
  
@article{Perera:2014b, 
author={C. Perera and A. Zaslavsky and P. Christen and D. Georgakopoulos}, 
journal={IEEE Communications Surveys Tutorials}, 
title={Context Aware Computing for The Internet of Things: A Survey}, 
year={2014b}, 
volume={16}, 
number={1}, 
pages={414-454}, 
ISSN={1553-877X}, 
month={First},}
}

%2015
@article{Al-Fuqaha:2015, 
author={A. Al-Fuqaha and M. Guizani and M. Mohammadi and M. Aledhari and M. Ayyash}, 
journal={IEEE Communications Surveys Tutorials}, 
title={Internet of Things: A Survey on Enabling Technologies, Protocols, and Applications}, 
year={2015}, 
volume={17}, 
number={4}, 
pages={2347-2376}, 
doi={10.1109/COMST.2015.2444095}, 
ISSN={1553-877X}, 
month={Fourthquarter},}

%2016
@inproceedings{Presser:2016,
  title={EU-China Joint White Paper on the Internet of Things},
  author={Presser, Mirko and Cousin, Philippe and Thuemmler, Christoph and Li, Jun and Zhang, Xueli and Ge, Yuming and Liu, Yang and Li, Haihua and Guan, Xin and Bai, Chunxue},
  booktitle={IoT Week Belgrade 2016},
  year={2016}
}




%2017
@incollection{Hauswirth:2017,
  title={Linked Data Management},
  author={Hauswirth, Manfred and Wylot, Marcin and Grund, Martin and Groth, Paul and Cudr{\'e}-Mauroux, Philippe},
  booktitle={Handbook of Big Data Technologies},
  pages={307--338},
  year={2017},
  publisher={Springer}
}

@article{Dinh:2017,
  title={A Location-Based Interactive Model of Internet of Things and Cloud (IoT-Cloud) for Mobile Cloud Computing Applications},
  author={Dinh, Thanh and Kim, Younghan and Lee, Hyukjoon},
  journal={Sensors},
  volume={17},
  number={3},
  pages={489},
  year={2017},
  publisher={Multidisciplinary Digital Publishing Institute}
}


%2018
@article{Vermesan:2018,
  title={The Next Generation Internet of Things--Hyperconnectivity and Embedded Intelligence at the Edge},
  author={Vermesan, Ovidiu and Eisenhauer, Markus and Serrano, Martin and Guillemin, Patrick and Sundmaeker, Harald and Tragos, Elias Z and Valino, Javier and Copigneaux, Bertrand and Presser, Mirko and Aagaard, Annabeth and others},
  journal={Next Generation Internet of Things. Distributed Intelligence at the Edge and Human Machine-to-Machine Cooperation},
  year={2018}
}

%=====MISC
@misc{chip,
  key = "chip",
  title = {CHIP pro: The smarter way to build Smart Things},
  note = {https://getchip.com/pages/chip}
}

@misc{ITU:2005,
  author={ITU},
  title={ITU Internet Reports, The Internet of Things},
  month={November},
  year ={2005}
}

@misc{Presser:2009,
  title={The Internet of Things: Connecting the Real World with the Digital World},
  author={Presser, M and Gluhak, A},
  volume={2},
  year={2009},
  publisher={EURESCOM message -- The Magazine for Telecom Insiders}
}






@inproceedings{Sakamura:2006,
 author = {Sakamura, Ken},
 title = {Challenges in the Age of Ubiquitous Computing: A Case Study of T-Engine, an Open Development Platform for Embedded Systems},
 booktitle = {Proceedings of the 28th International Conference on Software Engineering},
 series = {ICSE '06},
 year = {2006},
 isbn = {1-59593-375-1},
 location = {Shanghai, China},
 pages = {713--720},
 numpages = {8},
 doi = {10.1145/1134285.1134399},
 acmid = {1134399},
 publisher = {ACM},
 address = {New York, NY, USA},
 keywords = {T-Engine, T-Kernel, TRON, context-awareness, distributed systems, eTRON, realtime embedded systems, uID, ubiquitous computing},
}





@article{Sundmaeker:2010,
  title={Vision and challenges for realising the Internet of Things},
  author={Sundmaeker, Harald and Guillemin, Patrick and Friess, Peter and Woelffl{\'e}, Sylvie},
  journal={Cluster of European Research Projects on the Internet of Things, European Commision},
  volume={3},
  number={3},
  pages={34--36},
  year={2010}
}



@Inbook{Mattern:2010,
author="Mattern, Friedemann and Floerkemeier, Christian",
title="From the Internet of Computers to the Internet of Things",
bookTitle="From Active Data Management to Event-Based Systems and More: Papers in Honor of Alejandro Buchmann on the Occasion of His 60th Birthday",
year="2010",
publisher="Springer Berlin Heidelberg",
address="Berlin, Heidelberg",
pages="242--259",
isbn="978-3-642-17226-7",
}

@misc{Dunkels:2008,
  title={IP for smart objects, internet protocol for smart objects (IPSO) alliance, white paper\# 1},
  author={Dunkels, A and Vasseur, J},
  year={2008},
  publisher={September}
}

@article{Gershenfeld:2006, 
author={N. Gershenfeld and D. Cohen}, 
journal={IEEE Circuits and Devices Magazine}, 
title={Internet 0: Interdevice Internetworking - End-to-End Modulation for Embedded Networks}, 
year={2006}, 
volume={22}, 
number={5}, 
pages={48-55}, 
doi={10.1109/MCD.2006.273000}, 
ISSN={8755-3996}, 
month={Sept},}

@article{Bassi:2008,
  title={Internet of Things in 2020: A Roadmap for the Future},
  author={Bassi, Alessandro and Horn, Geir},
  journal={European Commission: Information Society and Media},
  volume={22},
  pages={97--114},
  year={2008}
}

@techreport{Deering:2017,
  title={Internet protocol, version 6 (IPv6) specification},
  author={Deering, Steve and Hinden, Robert},
  year={2017}
}

@article{Barnaghi:2012,
 author = {Barnaghi, Payam and Wang, Wei and Henson, Cory and Taylor, Kerry},
 title = {Semantics for the Internet of Things: Early Progress and Back to the Future},
 journal = {Int. J. Semant. Web Inf. Syst.},
 issue_date = {January 2012},
 volume = {8},
 number = {1},
 month = jan,
 year = {2012},
 issn = {1552-6283},
 pages = {1--21},
 numpages = {21},
 doi = {10.4018/jswis.2012010101},
 acmid = {2441528},
 publisher = {IGI Global},
 address = {Hershey, PA, USA},
 keywords = {Cyber Worlds, Future Internet, Information Modeling, Internet of Things, Web Community},
} 

@article{Atzori:2014, 
author={L. Atzori and A. Iera and G. Morabito}, 
journal={IEEE Communications Magazine}, 
title={From "smart objects" to "social objects": The next evolutionary step of the internet of things}, 
year={2014}, 
volume={52}, 
number={1}, 
pages={97-105}, 
doi={10.1109/MCOM.2014.6710070}, 
ISSN={0163-6804}, 
month={January},}

@article{Jsan:2013,
AUTHOR = {Mietz, Richard and Groppe, Sven and Römer, Kay and Pfisterer, Dennis},
TITLE = {Semantic Models for Scalable Search in the Internet of Things},
JOURNAL = {Journal of Sensor and Actuator Networks},
VOLUME = {2},
YEAR = {2013},
NUMBER = {2},
PAGES = {172--195},
ISSN = {2224-2708},
DOI = {10.3390/jsan2020172}
}

@article{Ganzha:2017,
title = "Semantic interoperability in the Internet of Things: An overview from the INTER-IoT perspective",
journal = "Journal of Network and Computer Applications",
volume = "81",
pages = "111 - 124",
year = "2017",
issn = "1084-8045",
doi = "https://doi.org/10.1016/j.jnca.2016.08.007",
author = "Maria Ganzha and Marcin Paprzycki and Wiesław Pawłowski and Paweł Szmeja and Katarzyna Wasielewska",
keywords = "Internet of Things, Ontologies, Semantic interoperability"
}



@book{Manyika:2015,
  title={The Internet of Things: Mapping the value beyond the hype},
  author={Manyika, James},
  year={2015},
  publisher={McKinsey Global Institute}
}

@techreport{Chakrabarti:2017,
  title={IPv6 over Low-Power Wireless Personal Area Network (6LoWPAN) ESC Dispatch Code Points and Guidelines},
  author={Chakrabarti, Samita and Montenegro, Gabriel and Droms, Ralph and Woodyatt, J},
  year={2017}
}

@techreport{Shelby:2014,
  title={The constrained application protocol (CoAP)},
  author={Shelby, Zach and Hartke, Klaus and Bormann, Carsten},
  year={2014}
}

@article{Banks:2014,
  title={MQTT Version 3.1. 1},
  author={Banks, Andrew and Gupta, Rahul},
  journal={OASIS standard},
  volume={29},
  year={2014}
}

@article{Saint:2016,
  title={XMPP Extension Protocols},
  author={Saint-Andre, Peter and Cridland, Dave},
  year={2016},
  publisher={XMPP Standards Foundation}
}

@article{DaXu:2014,
  title={Internet of things in industries: A survey},
  author={Da Xu, Li and He, Wu and Li, Shancang},
  journal={IEEE Transactions on industrial informatics},
  volume={10},
  number={4},
  pages={2233--2243},
  year={2014},
  publisher={IEEE}
}


%===================================================
%2.1.2 The Importance of the Semantic Technologies for the IoT
%===================================================

@article{Botta:2016,
title = "Integration of Cloud computing and Internet of Things: A survey",
journal = "Future Generation Computer Systems",
volume = "56",
pages = "684 - 700",
year = "2016",
issn = "0167-739X",
author = "Alessio Botta and Walter de Donato and Valerio Persico and Antonio Pescapé",
keywords = "Cloud computing, Internet of Things, Ubiquitous networks, Cloud of things, Pervasive applications, Smart city"
}


@article{Evans:2011,
  title={The internet of things: How the next evolution of the internet is changing everything},
  author={Evans, Dave},
  journal={CISCO white paper},
  volume={1},
  number={2011},
  pages={1--11},
  year={2011}
}

@article{Sheth:2011,
  title={Computing for human experience: Semantics empowered cyber-physical, social and ubiquitous computing beyond the Web},
  author={Sheth, Amit P},
  year={2011}
}

@article{Corcho:2010,
  title={Five challenges for the semantic sensor web},
  author={Corcho, Oscar and Garc{\'\i}a-Castro, Ra{\'u}l},
  journal={Semantic Web},
  volume={1},
  number={1, 2},
  pages={121--125},
  year={2010},
  publisher={IOS Press}
}

@inproceedings{Spiess:2009, 
author={P. Spiess and S. Karnouskos and D. Guinard and D. Savio and O. Baecker and L. M. S. d. Souza and V. Trifa}, 
booktitle={2009 IEEE International Conference on Web Services}, 
title={SOA-Based Integration of the Internet of Things in Enterprise Services}, 
year={2009}, 
pages={968-975}, 
doi={10.1109/ICWS.2009.98}, 
month={July},}

@inproceedings{De:2011, 
author={S. De and P. Barnaghi and M. Bauer and S. Meissner}, 
booktitle={2011 Federated Conference on Computer Science and Information Systems (FedCSIS)}, 
title={Service modelling for the Internet of Things}, 
year={2011}, 
pages={949-955}, 
month={Sept},}


@article{Berners:2001,
  title={The semantic web},
  author={Berners-Lee, Tim and Hendler, James and Lassila, Ora and others},
  journal={Scientific american},
  volume={284},
  number={5},
  pages={28--37},
  year={2001},
  publisher={New York, NY, USA:},
}

@article{Lefort:2011,
  title={Semantic sensor network xg final report},
  author={Lefort, Laurent and Henson, Cory and Taylor, Kerry and Barnaghi, Payam and Compton, Michael and Corcho, Oscar and Garc{\'\i}a Castro, Ra{\'u}l and Graybeal, John and Herzog, Arthur and Janowicz, Krzysztof and others},
  year={2011},
  publisher={World Wide Web Consortium (W3C)}
}

@article{Compton:2012,
title = "The SSN ontology of the W3C semantic sensor network incubator group",
journal = "Web Semantics: Science, Services and Agents on the World Wide Web",
volume = "17",
pages = "25 - 32",
year = "2012",
issn = "1570-8268",
doi = "https://doi.org/10.1016/j.websem.2012.05.003",
}

@article{De:2012,
  title={An internet of things platform for real-world and digital objects},
  author={De, Suparna and Elsaleh, Tarek and Barnaghi, Payam and Meissner, Stefan},
  journal={Scalable Computing: Practice and Experience},
  volume={13},
  number={1},
  pages={45--58},
  year={2012}
}

@article{Savio:2010,
author = {D. Savio and D. Guinard and P. Spiess and V. Trifa and S. Karnouskos},
journal = {IEEE Transactions on Services Computing},
title = {Interacting with the SOA-Based Internet of Things: Discovery, Query, Selection, and On-Demand Provisioning of Web Services},
year = {2010},
volume = {3},
pages = {223-235},
doi = {10.1109/TSC.2010.3},
ISSN = {1939-1374},
month={02}
}

@incollection{Bizer:2011,
  title={Linked data: The story so far},
  author={Bizer, Christian and Heath, Tom and Berners-Lee, Tim},
  booktitle={Semantic services, interoperability and web applications: emerging concepts},
  pages={205--227},
  year={2011},
  publisher={IGI Global}
}

@inproceedings{Patni:2010, 
author={H. Patni and C. Henson and A. Sheth}, 
booktitle={2010 International Symposium on Collaborative Technologies and Systems}, 
title={Linked sensor data}, 
year={2010}, 
pages={362-370}, 
doi={10.1109/CTS.2010.5478492}, 
ISSN={}, 
month={May},}

@inproceedings{Danh:2009,
  title={SensorMasher-publishing and building mashup of sensor data.},
  author={Le Phuoc, Danh},
  booktitle={I-SEMANTICS},
  year={2009},
  organization={Citeseer}
}


@article{Armin:2017,
  title={Semantic Sensor Network Ontology},
  author={Armin, Haller and Krzysztof, Janowicz and Santa, Barbara and Danh, Le-Phuoc and Kerry, Taylor},  
  year={2017},
  publisher={World Wide Web Consortium}
}



@inproceedings{Aloi:2016,
  title={A mobile multi-technology gateway to enable IoT interoperability},
  author={Aloi, Gianluca and Caliciuri, Giuseppe and Fortino, Giancarlo and Gravina, Raffaele and Pace, Pasquale and Russo, Wilma and Savaglio, Claudio},
  booktitle={Internet-of-Things Design and Implementation (IoTDI), 2016 IEEE First International Conference on},
  pages={259--264},
  year={2016},
  organization={IEEE}
}

@inproceedings{Noura:2017,
  title={Interoperability in Internet of Things Infrastructure: Classification, Challenges, and Future Work},
  author={Noura, Mahda and Atiquzzaman, Mohammed and Gaedke, Martin},
  booktitle={International Conference on Internet of Things as a Service},
  pages={11--18},
  year={2017},
  organization={Springer}
}

@inproceedings{Bandyopadhyay:2013,
  title={Lightweight Internet protocols for web enablement of sensors using constrained gateway devices},
  author={Bandyopadhyay, Soma and Bhattacharyya, Abhijan},
  booktitle={Computing, Networking and Communications (ICNC), 2013 International Conference on},
  pages={334--340},
  year={2013},
  organization={IEEE}
}

@inproceedings{Zhu:2010,
  title={Iot gateway: Bridgingwireless sensor networks into internet of things},
  author={Zhu, Qian and Wang, Ruicong and Chen, Qi and Liu, Yan and Qin, Weijun},
  booktitle={Embedded and Ubiquitous Computing (EUC), 2010 IEEE/IFIP 8th International Conference on},
  pages={347--352},
  year={2010},
  organization={Ieee}
}

@article{Jara:2014,
 author = {Jara, Antonio J. and Olivieri, Alex C. and Bocchi, Yann and Jung, Markus and Kastner, Wolfgang and Skarmeta, Antonio F.},
 title = {Semantic Web of Things: An Analysis of the Application Semantics for the IoT Moving Towards the IoT Convergence},
 journal = {Int. J. Web Grid Serv.},
 issue_date = {April 2014},
 volume = {10},
 number = {2/3},
 month = apr,
 year = {2014},
 pages = {244--272},
 publisher = {Inderscience Publishers},
 address = {Inderscience Publishers, Geneva, SWITZERLAND},
} 

@article{IERC:2015,
  title={IoT semantic interoperability: research challenges, best practices, recommendations and next steps},
  author={IERC, AC},
  journal={European Commission Information Society and Media, Tech. Rep},
  volume={8},
  year={2015}
}



@article{Oren:2014,
  title={What are semantic annotations?},
  author={Oren, Eyal and M{\"o}ller, Knud H and Scerri, Simon and Handschuh, Siegfried and Sintek, Michael},
  journal={Technical Report, DERI Galway},
  year={2014}
}

@InProceedings{Wei:2009,
author="Wei, Wang
and Barnaghi, Payam",
editor="Barnaghi, Payam
and Moessner, Klaus
and Presser, Mirko
and Meissner, Stefan",
title="Semantic Annotation and Reasoning for Sensor Data",
booktitle="Smart Sensing and Context",
year="2009",
publisher="Springer Berlin Heidelberg",
address="Berlin, Heidelberg",
pages="66--76",
isbn="978-3-642-04471-7"
}

@article{Baldauf:2007,
  title={A survey on context-aware systems},
  author={Baldauf, Matthias and Dustdar, Schahram and Rosenberg, Florian},
  journal={International Journal of ad Hoc and ubiquitous Computing},
  volume={2},
  number={4},
  pages={263--277},
  year={2007},
  publisher={Inderscience Publishers}
}

@ARTICLE{Mikko:2009,
    author = {Mikko Perttunen and Jukka Riekki and Ora Lassila},
    title = {Context representation and reasoning in pervasive computing: a review},
    journal = {International Journal of Multimedia and Ubiquitous Engineering},
    year = {2009},
    pages = {1--28}
}




%===================================================
%2.1.3 Decentralise paradigm
%===================================================

@Article{Chen:2014,
author="Chen, Min
and Mao, Shiwen
and Liu, Yunhao",
title="Big Data: A Survey",
journal="Mobile Networks and Applications",
year="2014",
month="Apr",
day="01",
volume="19",
number="2",
pages="171--209",
issn="1572-8153",
doi="10.1007/s11036-013-0489-0",
}

@INPROCEEDINGS{Jiehan:2013, 
author={Jiehan Zhou and T. Leppanen and E. Harjula and M. Ylianttila and T. Ojala and Chen Yu and Hai Jin and L. T. Yang}, 
booktitle={Proceedings of the 2013 IEEE 17th International Conference on Computer Supported Cooperative Work in Design (CSCWD)}, 
title={CloudThings: A common architecture for integrating the Internet of Things with Cloud Computing}, 
year={2013}, 
volume={}, 
number={}, 
pages={651-657}, 
doi={10.1109/CSCWD.2013.6581037}, 
ISSN={}, 
month={June},}

@ARTICLE{Truong:2015, 
author={H. Truong and S. Dustdar}, 
journal={IEEE Cloud Computing}, 
title={Principles for Engineering IoT Cloud Systems}, 
year={2015}, 
volume={2}, 
number={2}, 
pages={68-76}, 
doi={10.1109/MCC.2015.23}, 
ISSN={2325-6095}, 
month={Mar},}

@ARTICLE{WShi:2016, 
author={W. Shi and J. Cao and Q. Zhang and Y. Li and L. Xu}, 
journal={IEEE Internet of Things Journal}, 
title={Edge Computing: Vision and Challenges}, 
year={2016}, 
volume={3}, 
number={5}, 
pages={637-646}, 
doi={10.1109/JIOT.2016.2579198}, 
ISSN={2327-4662}, 
month={Oct},}

@ARTICLE{Yu:2018, 
author={W. Yu and F. Liang and X. He and W. G. Hatcher and C. Lu and J. Lin and X. Yang}, 
journal={IEEE Access}, 
title={A Survey on the Edge Computing for the Internet of Things}, 
year={2018}, 
volume={6}, 
number={}, 
pages={6900-6919}, 
doi={10.1109/ACCESS.2017.2778504}, 
ISSN={2169-3536}, 
month={},}


@INPROCEEDINGS{Yi:2015, 
author={S. Yi and Z. Hao and Z. Qin and Q. Li}, 
booktitle={2015 Third IEEE Workshop on Hot Topics in Web Systems and Technologies (HotWeb)}, 
title={Fog Computing: Platform and Applications}, 
year={2015}, 
volume={}, 
number={}, 
pages={73-78}, 
doi={10.1109/HotWeb.2015.22}, 
ISSN={}, 
month={Nov},}

@inproceedings{Ha:2014,
 author = {Ha, Kiryong and Chen, Zhuo and Hu, Wenlu and Richter, Wolfgang and Pillai, Padmanabhan and Satyanarayanan, Mahadev},
 title = {Towards Wearable Cognitive Assistance},
 booktitle = {Proceedings of the 12th Annual International Conference on Mobile Systems, Applications, and Services},
 series = {MobiSys '14},
 year = {2014},
 isbn = {978-1-4503-2793-0},
 location = {Bretton Woods, New Hampshire, USA},
 pages = {68--81},
 numpages = {14},
 doi = {10.1145/2594368.2594383},
 acmid = {2594383},
 publisher = {ACM},
 address = {New York, NY, USA},
 keywords = {cloud computing, cloud offload, cloudlet, cyber foraging, google glass, mobile computing, virtual machine, wearable computing},
} 

@INPROCEEDINGS{Chun:2015, 
author={S. Chun and S. Seo and B. Oh and K. Lee}, 
booktitle={Proceedings of the 2015 IEEE 9th International Conference on Semantic Computing (IEEE ICSC 2015)}, 
title={Semantic description, discovery and integration for the Internet of Things}, 
year={2015}, 
volume={}, 
number={}, 
pages={272-275}, 
doi={10.1109/ICOSC.2015.7050819}, 
ISSN={}, 
month={Feb},}

%===================================================
%2.2 The Semantic Web Technologies
%===================================================

@article{Weiser:99,
  author    = {Mark Weiser},
  title     = {The computer for the 21st century},
  journal   = {Mobile Computing and Communications Review},
  volume    = {3},
  number    = {3},
  pages     = {3--11},
  year      = {1999},
  doi       = {10.1145/329124.329126},
  timestamp = {Sun, 28 Oct 2012 16:21:39 +0100},
}


@article{Ebling:2017, 
author={M. R. Ebling and R. Want}, 
journal={IEEE Pervasive Computing}, 
title={Satya Revisits "Pervasive Computing: Vision and Challenges"}, 
year={2017}, 
volume={16}, 
number={3}, 
pages={20-23}, 
doi={10.1109/MPRV.2017.2940965}, 
ISSN={1536-1268},
}

@article{Miorandi:2012,
title = "Internet of things: Vision, applications and research challenges",
journal = "Ad Hoc Networks",
volume = "10",
number = "7",
pages = "1497 - 1516",
year = "2012",
issn = "1570-8705",
doi = "https://doi.org/10.1016/j.adhoc.2012.02.016",
author = "Daniele Miorandi and Sabrina Sicari and Francesco De Pellegrini and Imrich Chlamtac",
keywords = "Internet-of-Things, Web, Smart objects, RFID, Sensors, Actuators, Interoperability, Security"
}

@article{Ye:2015,
title = "Semantic web technologies in pervasive computing: A survey and research roadmap",
journal = "Pervasive and Mobile Computing",
volume = "23",
pages = "1 - 25",
year = "2015",
issn = "1574-1192",
doi = "https://doi.org/10.1016/j.pmcj.2014.12.009",
author = "Juan Ye and Stamatia Dasiopoulou and Graeme Stevenson and Georgios Meditskos and Efstratios Kontopoulos and Ioannis Kompatsiaris and Simon Dobson",
keywords = "Ontologies, Pervasive computing, Streaming query, Uncertainty reasoning, Context awareness"
}

@article{Bettini:2010,
title = "A survey of context modelling and reasoning techniques ",
journal = "Pervasive and Mobile Computing ",
volume = "6",
number = "2",
pages = "161 - 180",
year = "2010",
note = "Context Modelling, Reasoning and Management ",
issn = "1574-1192",
author = "Claudio Bettini and Oliver Brdiczka and Karen Henricksen and Jadwiga Indulska and Daniela Nicklas and Anand Ranganathan and Daniele Riboni"
}

@article{Baldauf:2007,
 author = {Baldauf, Matthias and Dustdar, Schahram and Rosenberg, Florian},
 title = {A Survey on Context\&\#45;Aware Systems},
 journal = {Int. J. Ad Hoc Ubiquitous Comput.},
 issue_date = {June 2007},
 volume = {2},
 number = {4},
 month = jun,
 year = {2007},
 issn = {1743-8225},
 pages = {263--277},
 numpages = {15},
 acmid = {1356243},
 publisher = {Inderscience Publishers},
 address = {Inderscience Publishers, Geneva, SWITZERLAND},
 keywords = {conceptual design},
} 

@article{Lassila:1999,
  title={Resource Description Framework (RDF) model and syntax specification},
  author={Lassila, Ora and Swick, Ralph R and others},
  year={1999},
  publisher={W3C}
}

@article{Dan:2014,
  title={RDF Schema 1.1},
  author={Dan, Brickley and R.V, Guha},
  year={2014},
  publisher={World Wide Web Consortium}
}

@article{Cyganiak:2014,
  title={RDF 1.1 concepts and abstract syntax},
  author={Cyganiak, Richard and Wood, David and Lanthaler, Markus and others},
  year={2014},
  publisher={World Wide Web Consortium}
}

@article{Perez:2009,
 author = {P{\'e}rez, Jorge and Arenas, Marcelo and Gutierrez, Claudio},
 title = {Semantics and Complexity of SPARQL},
 journal = {ACM Trans. Database Syst.},
 issue_date = {August 2009},
 volume = {34},
 number = {3},
 month = sep,
 year = {2009},
 issn = {0362-5915},
 pages = {16:1--16:45},
 articleno = {16},
 numpages = {45},
 doi = {10.1145/1567274.1567278},
 acmid = {1567278},
 publisher = {ACM},
 address = {New York, NY, USA},
 keywords = {Complexity, RDF, SPARQL, query language, semantic Web},
} 


@misc{Dan:2010,
  title={FOAF vocabulary specification 0.91},
  author={Brickley, Dan and Miller, Libby},
  year={2010},
  publisher={Citeseer}
}

@article{Guinnes:2004,
  title={OWL web ontology language overview},
  author={McGuinness, Deborah L and Van Harmelen, Frank and others},
  journal={W3C recommendation},
  volume={10},
  number={10},
  pages={2004},
  year={2004}
}

@article{Dan:2004,
  title={RDF vocabulary description language 1.0: RDF schema},
  author={Brickley, Dan},
  year={2004}
}

@misc{Eric:2008,
  title={SPARQL Query Language for RDF},
  author={Prud'hommeauxm, Eric and Seaborne, Andy},
  year={2004}
}


@article{Sequeda:2009,
  title={Linked stream data: A position paper},
  author={Sequeda, Juan F and Corcho, Oscar},
  year={2009},
  publisher={CEUR-WS}
}

@Inbook{Le-Phuoc:2018,
author="Le-Phuoc, Danh
and Hauswirth, Manfred",
title="Linked Data for Internet of Everything",
bookTitle="Integration, Interconnection, and Interoperability of IoT Systems",
year="2018",
publisher="Springer International Publishing",
address="Cham",
pages="129--148",
isbn="978-3-319-61300-0",
doi="10.1007/978-3-319-61300-0_7",
}

@InProceedings{Hartig:2014,
author="Alu{\c{c}}, G{\"u}ne{\c{s}}
and Hartig, Olaf
and {\"O}zsu, M. Tamer
and Daudjee, Khuzaima",
title="Diversified Stress Testing of RDF Data Management Systems",
booktitle="The Semantic Web -- ISWC 2014",
year="2014",
publisher="Springer International Publishing",
pages="197--212",
isbn="978-3-319-11964-9"
}

@article{Harris:2013,
  title={SPARQL 1.1 query language},
  author={Harris, Steve and Seaborne, Andy and Prud’hommeaux, Eric},
  journal={W3C recommendation},
  volume={21},
  number={10},
  year={2013}
}





%===================================================
%2.3 RDF Data Management
%===================================================

%===================================================
%2.3.1 Physical Storage for RDF data
%===================================================
@incollection{Harris:2005,
year={2005},
booktitle={Web Information Systems Engineering – WISE 2005 Workshops},
volume={3807},
series={Lecture Notes in Computer Science},
doi={10.1007/11581116$\_$25},
title={SPARQL Query Processing with Conventional Relational Database Systems},
publisher={Springer Berlin Heidelberg},
author={Harris, Stephen and Shadbolt, Nigel},
pages={235-244},
language={English}
}

@phdthesis{Owens:2011,
title={Using low latency storage to improve RDF store performance},
author={Owens, Alisdair},
month={April},
year={2011},
school={University of Southampton},
}

@incollection{Broekstra:2002,
year={2002},
isbn={978-3-540-43760-4},
booktitle={The Semantic Web — ISWC 2002},
volume={2342},
series={Lecture Notes in Computer Science},
editor={Horrocks, Ian and Hendler, James},
doi={10.1007/3-540-48005-6-7},
title={Sesame: A Generic Architecture for Storing and Querying RDF and RDF Schema},
publisher={Springer Berlin Heidelberg},
author={Broekstra, Jeen and Kampman, Arjohn and van Harmelen, Frank},
pages={54-68},
language={English}
}

@inproceedings{Wilkinson:2003,
  title={Efficient RDF Storage and Retrieval in Jena2.},
  author={Wilkinson, Kevin and Sayers, Craig and Kuno, Harumi A and Reynolds, Dave and others},
  booktitle={SWDB},
  volume={3},
  pages={131--150},
  year={2003},
  organization={Citeseer}
}

@inproceedings{Abadi:2007,
 author = {Abadi, Daniel J. and Marcus, Adam and Madden, Samuel R. and Hollenbach, Kate},
 title = {Scalable Semantic Web Data Management Using Vertical Partitioning},
 booktitle = {Proceedings of the 33rd International Conference on Very Large Data Bases},
 series = {VLDB '07},
 year = {2007},
 isbn = {978-1-59593-649-3},
 location = {Vienna, Austria},
 pages = {411--422},
 numpages = {12},
 acmid = {1325900},
 publisher = {VLDB Endowment}
} 

@incollection{Schmidt:2008,
year={2008},
isbn={978-3-540-88563-4},
booktitle={The Semantic Web - ISWC 2008},
volume={5318},
series={Lecture Notes in Computer Science},
title={An Experimental Comparison of RDF Data Management Approaches in a SPARQL Benchmark Scenario},
publisher={Springer Berlin Heidelberg},
author={Schmidt, Michael and Hornung, Thomas and Küchlin, Norbert and Lausen, Georg and Pinkel, Christoph},
pages={82-97},
language={English}
}

@article{Weiss:2008,
 author = {Weiss, Cathrin and Karras, Panagiotis and Bernstein, Abraham},
 title = {Hexastore: Sextuple Indexing for Semantic Web Data Management},
 journal = {Proc. VLDB Endow.},
 issue_date = {August 2008},
 volume = {1},
 number = {1},
 month = aug,
 year = {2008},
 issn = {2150-8097},
 pages = {1008--1019},
 numpages = {12},
 acmid = {1453965},
 publisher = {VLDB Endowment},
}

@article{Neumann:2010,
 author = {Neumann, Thomas and Weikum, Gerhard},
 title = {The RDF-3X Engine for Scalable Management of RDF Data},
 journal = {The VLDB Journal},
 issue_date = {February  2010},
 volume = {19},
 number = {1},
 month = feb,
 year = {2010},
 issn = {1066-8888},
 pages = {91--113},
 numpages = {23},
 acmid = {1731354},
 publisher = {Springer-Verlag New York, Inc.},
 address = {Secaucus, NJ, USA},
 keywords = {Batched updates, Database engine, Indexing, Query optimization, Query processing, RDF, SPARQL},
}

@article{Mcbride:2002,
  title={Jena: A semantic web toolkit},
  author={McBride, Brian},
  journal={IEEE Internet computing},
  volume={6},
  number={6},
  pages={55--59},
  year={2002},
  publisher={IEEE Computer Society}
}

@unpublished{Owens:2008,
       booktitle = {WWW2009},
           month = {November},
            type = {Technical Report},
           title = {Clustered TDB: A Clustered Triple Store for Jena},
          author = {Alisdair Owens and Andy Seaborne and Nick Gibbins and mc schraefel},
            year = {2008},
     institution = {University of Southampton},
        keywords = {RDF, Semantic Web,DBMS,Cluster, Triple Store, Distributed},
}

@misc{Seaborne:2010,
  title={Jena, a Semantic Web Framework},
  author={Seaborne, A},
  year={2010},
  publisher={November}
}

@article{Comer:1979,
  title={Ubiquitous B-tree},
  author={Comer, Douglas},
  journal={ACM Computing Surveys (CSUR)},
  volume={11},
  number={2},
  pages={121--137},
  year={1979},
  publisher={ACM}
}


@techreport{Ognyanoff:2007,
  title={A scalable repository for massive semantic annotation},
  author={Ognyanoff, D and Kiryakov, A and Velkov, R and Yankova, M},
  year={2007},
  institution={Technical Report}
}


@incollection{Boncz:2016,
  title={Experiences with virtuoso cluster RDF column store},
  author={Boncz, Peter and Erling, Orri and Pham, Minh-Duc},
  booktitle={Linked Data Management},
  pages={267--288},
  year={2016},
  publisher={Chapman and Hall/CRC}
}

%===================================================
%2.3.2 SPARQL Processing
%===================================================

@article{Sheu:1991,
author = {J. Sheu and T. Thai},
journal = {IEEE Transactions on Parallel $\&$ Distributed Systems},
title = {Partitioning and Mapping Nested Loops on Multiprocessor Systems},
year = {1991},
volume = {2},
number = {},
pages = {430-439},
doi = {10.1109/71.97900},
ISSN = {1045-9219},
month={10}
}

@inproceedings{Beckett:2001,
 author = {Beckett, David},
 title = {The Design and Implementation of the Redland RDF Application Framework},
 booktitle = {Proceedings of the 10th International Conference on World Wide Web},
 series = {WWW '01},
 year = {2001},
 isbn = {1-58113-348-0},
 location = {Hong Kong, Hong Kong},
 pages = {449--456},
 numpages = {8},
 acmid = {372099},
 publisher = {ACM},
 address = {New York, NY, USA},
 keywords = {RDF, application framework, metadata},
} 

@book{Date:1990,
  title={An introduction to database systems},
  author={Date, Christopher John},
  volume={7},
  year={1990},
  publisher={Addison-Wesley Reading, MA}
}

@book{Ullman:2001,
title={Database systems: the complete book},
author={Ullman, Jeffrey D and Garcia-Molina, Hector and Widom, Jennifer},
volume={2},
year={2001},
publisher={Prentice Hall Upper Saddle River}
}

@inproceedings{DeWitt:1993,
  title={Nested loops revisited},
  author={DeWitt, David J and Naughton, Jeffrey F and Burger, Joseph},
  booktitle={Parallel and Distributed Information Systems, 1993., Proceedings of the Second International Conference on},
  pages={230--242},
  year={1993},
  organization={IEEE}
}



@inproceedings{DeWitt:1985,
 author = {DeWitt, David J. and Gerber, Robert H.},
 title = {Multiprocessor Hash-based Join Algorithms},
 booktitle = {Proceedings of the 11th International Conference on Very Large Data Bases - Volume 11},
 series = {VLDB '85},
 year = {1985},
 location = {Stockholm, Sweden},
 pages = {151--164},
 numpages = {14},
 acmid = {1286774},
 publisher = {VLDB Endowment},
} 

%===================================================
%3.1 Literal Review
%===================================================

@article{E.A.Lee:2014, 
author={E. A. Lee and B. Hartmann and J. Kubiatowicz and T. Simunic Rosing and J. Wawrzynek and D. Wessel and J. Rabaey and K. Pister and A. Sangiovanni-Vincentelli and S. A. Seshia and D. Blaauw and P. Dutta and K. Fu and C. Guestrin and B. Taskar and R. Jafari and D. Jones and V. Kumar and R. Mangharam and G. J. Pappas and R. M. Murray and A. Rowe}, 
journal={IEEE Design Test}, 
title={The Swarm at the Edge of the Cloud}, 
year={2014}, 
volume={31}, 
number={3}, 
pages={8-20}, 
doi={10.1109/MDAT.2014.2314600}, 
ISSN={2168-2356}, 
month={June},}

@inproceedings{Zhang:2015,
 author = {Zhang, Ben and Mor, Nitesh and Kolb, John and Chan, Douglas S. and Goyal, Nikhil and Lutz, Ken and Allman, Eric and Wawrzynek, John and Lee, Edward and Kubiatowicz, John},
 title = {The Cloud is Not Enough: Saving Iot from the Cloud},
 booktitle = {Proceedings of the 7th USENIX Conference on Hot Topics in Cloud Computing},
 series = {HotCloud'15},
 year = {2015},
 location = {Santa Clara, CA},
 pages = {21--21},
 numpages = {1},
 acmid = {2827740},
 publisher = {USENIX Association},
 address = {Berkeley, CA, USA},
} 

@inproceedings{Salman:2015, 
author={O. Salman and I. Elhajj and A. Kayssi and A. Chehab}, 
booktitle={2015 IEEE 2nd World Forum on Internet of Things (WF-IoT)}, 
title={Edge computing enabling the Internet of Things}, 
year={2015}, 
volume={}, 
number={}, 
pages={603-608}, 
doi={10.1109/WF-IoT.2015.7389122}, 
ISSN={}, 
month={Dec},}

@inproceedings{Zachariah:2015,
 author = {Zachariah, Thomas and Klugman, Noah and Campbell, Bradford and Adkins, Joshua and Jackson, Neal and Dutta, Prabal},
 title = {The Internet of Things Has a Gateway Problem},
 booktitle = {Proceedings of the 16th International Workshop on Mobile Computing Systems and Applications},
 series = {HotMobile '15},
 year = {2015},
 isbn = {978-1-4503-3391-7},
 location = {Santa Fe, New Mexico, USA},
 pages = {27--32},
 numpages = {6},
 acmid = {2699344},
 publisher = {ACM},
 address = {New York, NY, USA},
 keywords = {bluetooth low energy, gateway, internet of things, low-powered devices, mobile phones, sensor networks},
} 

@inproceedings{Bonomi:2012,
 author = {Bonomi, Flavio and Milito, Rodolfo and Zhu, Jiang and Addepalli, Sateesh},
 title = {Fog Computing and Its Role in the Internet of Things},
 booktitle = {Proceedings of the First Edition of the MCC Workshop on Mobile Cloud Computing},
 series = {MCC '12},
 year = {2012},
 isbn = {978-1-4503-1519-7},
 location = {Helsinki, Finland},
 pages = {13--16},
 numpages = {4},
 acmid = {2342513},
 publisher = {ACM},
 address = {New York, NY, USA},
 keywords = {analytics, cloud computing, fog computing, iot, real time systems, software defined networks, wsan},
} 

@inproceedings{Morabito:2017, 
author={R. Morabito}, 
booktitle={2017 14th IEEE Annual Consumer Communications Networking Conference (CCNC)}, 
title={Inspecting the performance of low-power nodes during the execution of edge computing tasks}, 
year={2017}, 
volume={}, 
number={}, 
pages={148-153}, 
doi={10.1109/CCNC.2017.7983097}, 
ISSN={2331-9860}, 
month={Jan},}

@inproceedings{Kruger:2014, 
author={C. P. Kruger and G. P. Hancke}, 
booktitle={2014 12th IEEE International Conference on Industrial Informatics (INDIN)}, 
title={Benchmarking Internet of things devices}, 
year={2014}, 
volume={}, 
number={}, 
pages={611-616}, 
doi={10.1109/INDIN.2014.6945583}, 
ISSN={1935-4576}, 
month={July},}


@article{Petrolo:2017,
author="Petrolo, Riccardo
and Morabito, Roberto
and Loscr{\`i}, Valeria
and Mitton, Nathalie",
title="The design of the gateway for the Cloud of Things",
journal="Annals of Telecommunications",
year="2017",
month="Feb",
day="01",
volume="72",
number="1",
pages="31--40",
issn="1958-9395",
doi="10.1007/s12243-016-0521-z",
}

@inproceedings{Parwekar:2011, 
author={P. Parwekar}, 
booktitle={2011 2nd International Conference on Computer and Communication Technology (ICCCT-2011)}, 
title={From Internet of Things towards cloud of things}, 
year={2011}, 
pages={329-333}, 
doi={10.1109/ICCCT.2011.6075156}, 
month={Sept},}

@inproceedings{Desai:2015, 
author={P. Desai and A. Sheth and P. Anantharam}, 
booktitle={2015 IEEE International Conference on Mobile Services}, 
title={Semantic Gateway as a Service Architecture for IoT Interoperability}, 
year={2015}, 
volume={}, 
number={}, 
pages={313-319}, 
doi={10.1109/MobServ.2015.51}, 
ISSN={2329-6429}, 
month={June},}

@ARTICLE{Kiljander:2014, 
author={J. Kiljander and A. D’elia and F. Morandi and P. Hyttinen and J. Takalo-Mattila and A. Ylisaukko-Oja and J. Soininen and T. S. Cinotti}, 
journal={IEEE Access}, 
title={Semantic Interoperability Architecture for Pervasive Computing and Internet of Things}, 
year={2014}, 
volume={2}, 
number={}, 
pages={856-873}, 
doi={10.1109/ACCESS.2014.2347992}, 
ISSN={2169-3536}, 
month={},}


%===================================================
%3.1.1 CPU
%===================================================
@article{Wang:2011,
  title={A survey on ARM Cortex A processors},
  author={Wang, Wei and Dey, Tanima},
  journal={Dispon{\i}vel em: http://www. cs. virginia. edu/skadron/cs8535 s11/ARM Cortex. pdf. Acessado em},
  volume={3},
  year={2011}
}

@techreport{Molnar:1994,
 author = {Molnar, Charles E. and Sproull, Robert F. and Sutherland, Ivan E.},
 title = {Counterflow Pipeline Processor Architecture},
 year = {1994},
 publisher = {Sun Microsystems, Inc.},
 address = {Mountain View, CA, USA},
} 

@article{Smith:1995, 
author={J. E. Smith and G. S. Sohi}, 
journal={Proceedings of the IEEE}, 
title={The microarchitecture of superscalar processors}, 
year={1995}, 
volume={83}, 
number={12}, 
pages={1609-1624}, 
doi={10.1109/5.476078}, 
ISSN={0018-9219}, 
month={Dec},}

@inproceedings{Zukowski:2006, 
author={M. Zukowski and S. Heman and N. Nes and P. Boncz}, 
booktitle={22nd International Conference on Data Engineering (ICDE'06)}, 
title={Super-Scalar RAM-CPU Cache Compression}, 
year={2006}, 
pages={59-59}, 
keywords={Databases;Bandwidth;Information retrieval;Hardware;Data mining;Costs;Data analysis;Throughput;Query processing;Encoding}, 
doi={10.1109/ICDE.2006.150}, 
ISSN={1063-6382}, 
month={April},}

@article{Drepper:2007,
  title={What every programmer should know about memory},
  author={Drepper, Ulrich},
  journal={Red Hat, Inc},
  volume={11},
  pages={2007},
  year={2007}
}

@inproceedings{Ailamaki:1999,
 author = {Ailamaki, Anastassia and DeWitt, David J. and Hill, Mark D. and Wood, David A.},
 title = {DBMSs on a Modern Processor: Where Does Time Go?},
 booktitle = {Proceedings of the 25th International Conference on Very Large Data Bases},
 series = {VLDB '99},
 year = {1999},
 isbn = {1-55860-615-7},
 pages = {266--277},
 numpages = {12},
 acmid = {671662},
 publisher = {Morgan Kaufmann Publishers Inc.},
 address = {San Francisco, CA, USA},
} 

@inproceedings{Erling:2009,
author="Erling, Orri
and Mikhailov, Ivan",
title="RDF Support in the Virtuoso DBMS",
bookTitle="Networked Knowledge - Networked Media",
year="2009",
}
%===================================================
%3.1.2 Memory
%===================================================

%===================================================
%3.1.3 Flash-based Storage
%===================================================
@inproceedings{Koltsidas:2011,
 author = {Koltsidas, Ioannis and Viglas, Stratis D.},
 title = {Data Management over Flash Memory},
 booktitle = {Proceedings of the 2011 ACM SIGMOD International Conference on Management of Data},
 series = {SIGMOD '11},
 year = {2011},
 location = {Athens, Greece},
 pages = {1209--1212},
 numpages = {4},
 publisher = {ACM},
 address = {New York, NY, USA},
 keywords = {flash memory, solid state drives, storage}
}

@article{Bouganim:2009,
  author    = {Luc Bouganim and
               Bjorn Jonsson and
               Philippe Bonnet},
  title     = {uFLIP: Understanding Flash {IO} Patterns},
  journal   = {CoRR},
  volume    = {abs/0909.1780},
  year      = {2009},
  archivePrefix = {arXiv},
  eprint    = {0909.1780},
  timestamp = {Mon, 13 Aug 2018 16:46:56 +0200},
}

@inproceedings{Graefe:2007,
 author = {Graefe, Goetz},
 title = {The Five-minute Rule Twenty Years Later, and How Flash Memory Changes the Rules},
 booktitle = {Proceedings of the 3rd International Workshop on Data Management on New Hardware},
 series = {DaMoN '07},
 year = {2007},
 isbn = {978-1-59593-772-8},
 location = {Beijing, China},
 pages = {6:1--6:9},
 articleno = {6},
 numpages = {9},
 doi = {10.1145/1363189.1363198},
 acmid = {1363198},
 publisher = {ACM},
 address = {New York, NY, USA},
}

@Inbook{Kono:2018,
author="Kono, Takashi
and Saito, Tomoya
and Yamauchi, Tadaaki",
editor="Hidaka, Hideto",
title="Overview of Embedded Flash Memory Technology",
bookTitle="Embedded Flash Memory for Embedded Systems: Technology, Design for Sub-systems, and Innovations",
year="2018",
publisher="Springer International Publishing",
address="Cham",
pages="29--74",
isbn="978-3-319-55306-1",
doi="10.1007/978-3-319-55306-1_3",
}



%===================================================
%3.2 Database Management Techniques for IoT Edge devices 
%===================================================
%===================================================
%3.2.1 Flash Oriented Data Structure
%===================================================
@misc{intel:1998,
  title={Understanding the flash translation layer (FTL) specification},
  author={Intel, C},
  year={1998},
  publisher={ed}
}

@article{Chung:2009,
title = "A survey of Flash Translation Layer",
journal = "Journal of Systems Architecture",
volume = "55",
number = "5",
pages = "332 - 343",
year = "2009",
issn = "1383-7621",
doi = "https://doi.org/10.1016/j.sysarc.2009.03.005",
author = "Tae-Sun Chung and Dong-Joo Park and Sangwon Park and Dong-Ho Lee and Sang-Won Lee and Ha-Joo Song",
keywords = "Flash memory, Embedded system, File system"
}

@article{Lee:2007,
 author = {Lee, Sang-Won and Park, Dong-Joo and Chung, Tae-Sun and Lee, Dong-Ho and Park, Sangwon and Song, Ha-Joo},
 title = {A Log Buffer-based Flash Translation Layer Using Fully-associative Sector Translation},
 journal = {ACM Trans. Embed. Comput. Syst.},
 issue_date = {July 2007},
 volume = {6},
 number = {3},
 month = jul,
 year = {2007},
 issn = {1539-9087},
 articleno = {18},
 doi = {10.1145/1275986.1275990},
 acmid = {1275990},
 publisher = {ACM},
 address = {New York, NY, USA},
 keywords = {FTL, Flash memory, address translation, associative mapping, log blocks},
} 

@article{Nath:2008,
 author = {Nath, Suman and Gibbons, Phillip B.},
 title = {Online Maintenance of Very Large Random Samples on Flash Storage},
 journal = {Proc. VLDB Endow.},
 issue_date = {August 2008},
 volume = {1},
 number = {1},
 month = aug,
 year = {2008},
 issn = {2150-8097},
 pages = {970--983},
 numpages = {14},
 doi = {10.14778/1453856.1453961},
 acmid = {1453961},
 publisher = {VLDB Endowment},
} 

@article{Ho:2016,
author = {Ho, Van-Phi and Park, Dong-Joo},
year = {2016},
month = {04},
pages = {173-188},
title = {A Survey of the-State-of-the-Art B-tree Index on Flash Memory},
volume = {10},
booktitle = {International Journal of Software Engineering and Its Applications}
}

@article{Wu:2007,
 author = {Wu, Chin-Hsien and Kuo, Tei-Wei and Chang, Li Ping},
 title = {An Efficient B-tree Layer Implementation for Flash-memory Storage Systems},
 journal = {ACM Trans. Embed. Comput. Syst.},
 issue_date = {July 2007},
 volume = {6},
 number = {3},
 month = jul,
 year = {2007},
 issn = {1539-9087},
 articleno = {19},
 acmid = {1275991},
 publisher = {ACM},
 address = {New York, NY, USA},
 keywords = {B-tree, Flash memory, database systems, embedded systems, storage systems},
} 

@article{Lee:2010,
title = "An efficient index buffer management scheme for implementing a B-tree on NAND flash memory",
journal = "Data $\&$ Knowledge Engineering",
volume = "69",
number = "9",
pages = "901 - 916",
year = "2010",
issn = "0169-023X",
author = "Hyun-Seob Lee and Dong-Ho Lee",
keywords = "Flash memory, Embedded DBs, Index structure, B-tree, Hashing and indexing"
}

@article{Agrawal:2009,
 author = {Agrawal, Devesh and Ganesan, Deepak and Sitaraman, Ramesh and Diao, Yanlei and Singh, Shashi},
 title = {Lazy-Adaptive Tree: An Optimized Index Structure for Flash Devices},
 journal = {Proc. VLDB Endow.},
 issue_date = {August 2009},
 volume = {2},
 number = {1},
 month = aug,
 year = {2009},
 issn = {2150-8097},
 pages = {361--372},
 numpages = {12},
 doi = {10.14778/1687627.1687669},
 acmid = {1687669},
 publisher = {VLDB Endowment},
} 

@article{Bityuckiy:2005,
  title={JFFS3 design issues},
  author={Bityuckiy, Artem B},
  journal={Memory technology device (MTD) subsystem for Linux},
  year={2005}
}

@inproceedings{Kang:2007,
 author = {Kang, Dongwon and Jung, Dawoon and Kang, Jeong-Uk and Kim, Jin-Soo},
 title = {{$\mu$}treee: An Ordered Index Structure for NAND Flash Memory},
 booktitle = {Proceedings of the 7th ACM \&Amp; IEEE International Conference on Embedded Software},
 series = {EMSOFT '07},
 year = {2007},
 isbn = {978-1-59593-825-1},
 location = {Salzburg, Austria},
 pages = {144--153},
 numpages = {10},
 doi = {10.1145/1289927.1289953},
 acmid = {1289953},
 publisher = {ACM},
 address = {New York, NY, USA},
 keywords = {B+-tree, NAND flash, index structure},
} 


@article{Jin-Soo:2013,
author = {Jin-Soo Kim and Dawoon Jung and Dongwon Kang and Jung-Sang Ahn and Seungryoul Maeng},
journal = {IEEE Transactions on Computers},
title = {{$\mu$}*-Tree: An Ordered Index Structure for NAND Flash Memory with Adaptive Page Layout Scheme},
year = {2013},
volume = {62},
number = {},
pages = {784-797},
doi = {10.1109/TC.2012.20},
ISSN = {0018-9340},
month={04}
}



@article{Li:2010,
 author = {Li, Yinan and He, Bingsheng and Yang, Robin Jun and Luo, Qiong and Yi, Ke},
 title = {Tree Indexing on Solid State Drives},
 journal = {Proc. VLDB Endow.},
 issue_date = {September 2010},
 volume = {3},
 number = {1-2},
 month = sep,
 year = {2010},
 issn = {2150-8097},
 pages = {1195--1206},
 numpages = {12},
 doi = {10.14778/1920841.1920990},
 acmid = {1920990},
 publisher = {VLDB Endowment},
} 

@article{Roh:2009,
title = "A B-Tree index extension to enhance response time and the life cycle of flash memory",
journal = "Information Sciences",
volume = "179",
number = "18",
pages = "3136 - 3161",
year = "2009",
issn = "0020-0255",
doi = "https://doi.org/10.1016/j.ins.2009.05.007",
author = "Hongchan Roh and Woo-Cheol Kim and Seungwoo Kim and Sanghyun Park",
keywords = "B-Tree index extension, Flash memory life cycle, Flash memory response time, Write count reducing, BFTL, MB-Tree"
}

@article{Roh:2014,
author = {Roh, Hongchan and Kim, Sungho and Lee, Daewook and Park, Sanghyun},
year = {2014},
month = {01},
pages = {85-106},
title = {AS B-tree: A Study of an Efficient B+-tree for SSDs},
volume = {30},
booktitle = {Journal of Information Science and Engineering}
}

@inproceedings{Zeinalipour:2005,
  title={MicroHash: An Efficient Index Structure for Flash-Based Sensor Devices.},
  author={Zeinalipour-Yazti, Demetrios and Lin, Song and Kalogeraki, Vana and Gunopulos, Dimitrios and Najjar, Walid A},
  booktitle={FAST},
  volume={5},
  pages={3--3},
  year={2005}
}

@inproceedings{Yoo:2012,
 author = {Yoo, Min-hee and Kim, Bo-kyeong and Lee, Dong-Ho},
 title = {Hybrid Hash Index for NAND Flash Memory-based Storage Systems},
 booktitle = {Proceedings of the 6th International Conference on Ubiquitous Information Management and Communication},
 series = {ICUIMC '12},
 year = {2012},
 isbn = {978-1-4503-1172-4},
 location = {Kuala Lumpur, Malaysia},
 pages = {55:1--55:5},
 articleno = {55},
 numpages = {5},
 acmid = {2184819},
 publisher = {ACM},
 address = {New York, NY, USA},
 keywords = {NAND flash memory, extendible hash index, hash index, hybrid hash index},
} 

@article{Yang:2009,
  title={An Efficient Dynamic Hash Index Structure for NAND Flash Memory},
  author={Chul-Woong Yang and Ki Yong Lee and Myoung-Ho Kim and Yoon-Joon Lee},
  journal={IEICE Transactions},
  year={2009},
  volume={92-A},
  pages={1716-1719}
}

@inproceedings{Wang:2010, 
author={Li Wang and Hanhu Wang}, 
booktitle={The 2010 IEEE International Conference on Information and Automation}, 
title={A new self-adaptive extendible hash index for flash-based DBMS}, 
year={2010}, 
volume={}, 
number={}, 
pages={2519-2524}, 
ISSN={}, 
month={June},}


@INPROCEEDINGS{Li:2008, 
author={X. Li and Z. Da and X. Meng}, 
booktitle={2008 The Ninth International Conference on Web-Age Information Management}, 
title={A New Dynamic Hash Index for Flash-Based Storage}, 
year={2008}, 
volume={}, 
number={}, 
pages={93-98}, 
doi={10.1109/WAIM.2008.53}, 
ISSN={}, 
month={July},}


%===================================================
%3.2.2 Flash-aware Buffer management
%===================================================

@inproceedings{Park:2006,
 author = {Park, Seon-yeong and Jung, Dawoon and Kang, Jeong-uk and Kim, Jin-soo and Lee, Joonwon},
 title = {CFLRU: A Replacement Algorithm for Flash Memory},
 booktitle = {Proceedings of the 2006 International Conference on Compilers, Architecture and Synthesis for Embedded Systems},
 series = {CASES '06},
 year = {2006},
 isbn = {1-59593-543-6},
 location = {Seoul, Korea},
 pages = {234--241},
 numpages = {8},
 acmid = {1176789},
 publisher = {ACM},
 address = {New York, NY, USA},
 keywords = {embedded storage, flash memory, replacement algorithm},
} 

@inproceedings{Kim:2008,
 author = {Kim, Hyojun and Ahn, Seongjun},
 title = {BPLRU: A Buffer Management Scheme for Improving Random Writes in Flash Storage},
 booktitle = {Proceedings of the 6th USENIX Conference on File and Storage Technologies},
 series = {FAST'08},
 year = {2008},
 location = {San Jose, California},
 pages = {16:1--16:14},
 articleno = {16},
 numpages = {14},
 acmid = {1364829},
 publisher = {USENIX Association},
 address = {Berkeley, CA, USA},
} 

@inproceedings{Ou:2009,
 author = {Ou, Yi and H\"{a}rder, Theo and Jin, Peiquan},
 title = {CFDC: A Flash-aware Replacement Policy for Database Buffer Management},
 booktitle = {Proceedings of the Fifth International Workshop on Data Management on New Hardware},
 series = {DaMoN '09},
 year = {2009},
 isbn = {978-1-60558-701-1},
 location = {Providence, Rhode Island},
 pages = {15--20},
 numpages = {6},
 doi = {10.1145/1565694.1565698},
 acmid = {1565698},
 publisher = {ACM},
 address = {New York, NY, USA},
} 

@inproceedings{Ou:2010,
 author = {Ou, Yi and H\"{a}rder, Theo},
 title = {Clean First or Dirty First?: A Cost-aware Self-adaptive Buffer Replacement Policy},
 booktitle = {Proceedings of the Fourteenth International Database Engineering \&\#38; Applications Symposium},
 series = {IDEAS '10},
 year = {2010},
 isbn = {978-1-60558-900-8},
 location = {Montreal, Quebec, Canada},
 pages = {7--14},
 numpages = {8},
 doi = {10.1145/1866480.1866482},
 acmid = {1866482},
 publisher = {ACM},
 address = {New York, NY, USA},
 keywords = {cache, database storage, flash SSD, replacement policy},
} 

@ARTICLE{Z.Li:2009, 
author={Z. Li and P. Jin and X. Su and K. Cui and L. Yue}, 
journal={IEEE Transactions on Consumer Electronics}, 
title={CCF-LRU: a new buffer replacement algorithm for flash memory}, 
year={2009}, 
volume={55}, 
number={3}, 
pages={1351-1359}, 
doi={10.1109/TCE.2009.5277999}, 
ISSN={0098-3063}, 
month={August},}

@article{Jin:2012,
title = "AD-LRU: An efficient buffer replacement algorithm for flash-based databases",
journal = "Data $\&$ Knowledge Engineering",
volume = "72",
pages = "83 - 102",
year = "2012",
issn = "0169-023X",
doi = "https://doi.org/10.1016/j.datak.2011.09.007",
author = "Peiquan Jin and Yi Ou and Theo Harder and Zhi Li",
keywords = "Flash memory, Database buffer management, Replacement policy, Flash-based DBMS"
}

@inproceedings{Lv:2011,
 author = {Lv, Yanfei and Cui, Bin and He, Bingsheng and Chen, Xuexuan},
 title = {Operation-aware Buffer Management in Flash-based Systems},
 booktitle = {Proceedings of the 2011 ACM SIGMOD International Conference on Management of Data},
 series = {SIGMOD '11},
 year = {2011},
 isbn = {978-1-4503-0661-4},
 location = {Athens, Greece},
 pages = {13--24},
 numpages = {12},
 doi = {10.1145/1989323.1989326},
 acmid = {1989326},
 publisher = {ACM},
 address = {New York, NY, USA},
 keywords = {SSD, buffer management, flash memory, operation aware},
} 

@ARTICLE{Anwar:2017, 
author={U. Anwar and J. Paik and R. Jin and T. Chung}, 
journal={IEEE Transactions on Consumer Electronics}, 
title={Log-buffer aware cache replacement policy for flash storage devices}, 
year={2017}, 
volume={63}, 
number={1}, 
pages={77-84}, 
doi={10.1109/TCE.2017.7931973}, 
ISSN={0098-3063}, 
month={February},}

%=========================================================================================================================



























@incollection{Hervas:2011,
year={2011},
isbn={978-3-642-21302-1},
booktitle={Ambient Assisted Living},
volume={6693},
series={Lecture Notes in Computer Science},
editor={Bravo, José and Hervás, Ramón and Villarreal, Vladimir},
title={Mobile Augmented Reality Based on the Semantic Web Applied to Ambient Assisted Living},
publisher={Springer Berlin Heidelberg},
keywords={Augmented reality; Mobile Computing; Ambient Intelligence; Ambient Assisted Living; Context-awareness; Semantic Web},
author={Hervás, Ramón and Garcia-Lillo, Alberto and Bravo, José},
pages={17-24},
language={English}
}

@TechReport{Dartmouth:2000,
  author = {Guanling Chen and David Kotz},
  title = {{A Survey of Context-Aware Mobile Computing Research}},
  institution = {Dartmouth College, Computer Science},
  address = {Hanover, NH},
  number = {TR2000-381},
  year = {2000},
  month = {November},
}


@ARTICLE{476078, 
author={J. E. Smith and G. S. Sohi}, 
journal={Proceedings of the IEEE}, 
title={The microarchitecture of superscalar processors}, 
year={1995}, 
volume={83}, 
number={12}, 
pages={1609-1624}, 
doi={10.1109/5.476078}, 
ISSN={0018-9219}, 
month={Dec},}
booktitle={The Semantic Web: Research and Applications},
volume={6643},
title={Weaving a Distributed, Semantic Social Network for Mobile Users},
author={Tramp, Sebastian and Frischmuth, Philipp and Arndt, Natanael and Ermilov, Timofey and Auer, Sören},
pages={200-214}
}


@inproceedings{Hoang:2006,
 author = {Hoang, Hanh Huu and Andjomshoaa, Amin and Tjoa, A Min},
 title = {Towards a New Approach for Information Retrieval in the SemanticLIFE Digital Memory Framework},
 booktitle = {Proceedings of the 2006 IEEE/WIC/ACM International Conference on Web Intelligence},
 series = {WI '06},
 year = {2006},
 isbn = {0-7695-2747-7},
 pages = {485--488},
 numpages = {4},
 doi = {10.1109/WI.2006.174},
 acmid = {1249192},
 publisher = {IEEE Computer Society},
 address = {Washington, DC, USA},
} 

@incollection{Edgar:2007,
year={2007},
isbn={978-3-540-75473-2},
booktitle={Ontologies-Based Da@ARTICLE{476078, 
author={J. E. Smith and G. S. Sohi}, 
journal={Proceedings of the IEEE}, 
title={The microarchitecture of superscalar processors}, 
year={1995}, 
volume={83}, 
number={12}, 
pages={1609-1624}, 
doi={10.1109/5.476078}, 
ISSN={0018-9219}, 
month={Dec},}tabases and Information Systems},
volume={4623},
series={Lecture Notes in Computer Science},
editor={Collard, Martine},
title={The Semantic Desktop: A Semantic Personal Information Management System Based on RDF and Topic Maps},
publisher={Springer Berlin Heidelberg},
author={Weippl, EdgarR. and Klemen, Markus and Fenz, Stefan and Ekelhart, Andreas and Tjoa, AMin},
pages={135-151}
}

@incollection{Ajwani:2008,
year={2008},
booktitle={Experimental Algorithms},
volume={5038},
series={Lecture Notes in Computer Science},
editor={McGeoch, CatherineC.},
title={Characterizing the Performance of Flash Memory Storage Devices and Its Impact on Algorithm Design},
publisher={Springer Berlin Heidelberg},
author={Ajwani, Deepak and Malinger, Itay and Meyer, Ulrich and Toledo, Sivan},
pages={208-219}
}



@article{Gal:2005,
 author = {Gal, Eran and Toledo, Sivan},
 title = {Algorithms and Data Structures for Flash Memories},
 journal = {ACM Comput. Surv.},
 issue_date = {June 2005},
 volume = {37},
 number = {2},
 month = jun,
 year = {2005},
 issn = {0360-0300},
 pages = {138--163},
 numpages = {26},
 doi = {10.1145/1089733.1089735},
 acmid = {1089735},
 publisher = {ACM},
 address = {New York, NY, USA},
 keywords = {EEPROM memory, Flash memory, wear leveling},
} 


@incollection{Virgillo:2012,
year={2012},
isbn={978-3-642-25007-1},
booktitle={Semantic Search over the Web},
series={Data-Centric Systems and Applications},
editor={De Virgilio, Roberto and Guerra, Francesco and Velegrakis, Yannis},
doi={10.1007/978-3-642-25008-8_2},
title={Storing and Indexing Massive RDF Datasets},
publisher={Springer Berlin Heidelberg},
author={Luo, Yongming and Picalausa, François and Fletcher, GeorgeH.L. and Hidders, Jan and Vansummeren, Stijn},
pages={31-60},
language={English}
}

@article{Effelsberg:1984,
 author = {Effelsberg, Wolfgang and Haerder, Theo},
 title = {Principles of Database Buffer Management},
 journal = {ACM Trans. Database Syst.},
 issue_date = {Dec. 1984},
 volume = {9},
 number = {4},
 month = dec,
 year = {1984},
 issn = {0362-5915},
 pages = {560--595},
 numpages = {36},
 doi = {10.1145/1994.2022},
 acmid = {2022},
 publisher = {ACM},
 address = {New York, NY, USA},
}

@inproceedings{DavidJerome:2010,
    title = {{Linked data from your pocket: The Android RDFContentProvider}},
    author = {David, J{\'e}r{\^o}me and Euzenat, J{\'e}r{\^o}me},
    booktitle = {{Proc. 9th demonstration track on international semantic web conference (ISWC)}},
    pages = {129-132},
    address = {Shanghai, China},
    note = {david2010c },
    year = {2010}
 }

@article{Danh:2010,
  title={Rdf on the go: An RDF storage and query processor for mobile devices},
  author={Le-Phuoc, Danh and Parreira, Josiane Xavier and Reynolds, Vinny and Hauswirth, Manfred},
  booktitle = {{Proc. 9th demonstration track on international semantic web conference (ISWC)}},
  address = {Shanghai, China},
  journal={Demo, ISWC},
  year = {2010}
}

@INPROCEEDINGS{Shih-Chun:2005, 
author={Shih-Chun Chou and Wen-Tai Hsieh and Gandon, F.L. and Sadeh, N.M.}, 
booktitle={Advanced Information Networking and Applications, 2005. AINA 2005. 19th International Conference on}, 
title={Semantic Web technologies for context-aware museum tour guide applications}, 
year={2005}, 
month={March}, 
volume={2}, 
pages={709-714 vol.2}, 
doi={10.1109/AINA.2005.307}, 
ISSN={1550-445X}
}

@inproceedings{Serena:2017,
author="Serena, Fernando
and Poveda-Villal{\'o}n, Mar{\'i}a
and Garc{\'i}a-Castro, Ra{\'u}l",
editor="Garrig{\'o}s, Irene
and Wimmer, Manuel",
title="Semantic Discovery in the Web of Things",
booktitle="Current Trends in Web Engineering",
year="2018",
publisher="Springer International Publishing",
address="Cham",
pages="19--31",
isbn="978-3-319-74433-9"
}

@inproceedings{Guinard:2009,
  title={Towards the web of things: Web mashups for embedded devices},
  author={Guinard, Dominique and Trifa, Vlad},
  booktitle={Workshop on Mashups, Enterprise Mashups and Lightweight Composition on the Web (MEM 2009), in proceedings of WWW (International World Wide Web Conferences), Madrid, Spain},
  volume={15},
  year={2009}
}



@ARTICLE{Sheth:2016, 
author={A. Sheth}, 
journal={IEEE Intelligent Systems}, 
title={Internet of Things to Smart IoT Through Semantic, Cognitive, and Perceptual Computing}, 
year={2016}, 
volume={31}, 
number={2}, 
pages={108-112}, 
doi={10.1109/MIS.2016.34}, 
ISSN={1541-1672}, 
month={Mar},}

@incollection{DeBra:2004,
year={2004},
isbn={978-3-540-22895-0},
booktitle={Adaptive Hypermedia and Adaptive Web-Based Systems},
volume={3137},
series={Lecture Notes in Computer Science},
editor={De Bra, PaulM.E. and Nejdl, Wolfgang},
doi={10.1007/978-3-540-27780-4_27},
title={Context-Aware Recommendations in the Mobile Tourist Application COMPASS},
publisher={Springer Berlin Heidelberg},
author={van Setten, Mark and Pokraev, Stanislav and Koolwaaij, Johan},
pages={235-244},
language={English}
}

@inproceedings{sheshagiri:2004,
  title={Using semantic web services for context-aware mobile applications},
  author={Sheshagiri, Mithun and Sadeh, Norman and Gandon, Fabien},
  booktitle={MobiSys 2004 Workshop on Context Awareness},
  year={2004}
}

@inproceedings{maia:2010,
  title={Evaluating Android os for embedded real-time systems},
  author={Maia, Cl{\'a}udio and Nogueira, Lu{\'\i}s and Pinho, Luis Miguel},
  booktitle={Proceedings of the 6th International Workshop on Operating Systems Platforms for Embedded Real-Time Applications, Brussels, Belgium},
  year={2010}
}

@incollection{luo:2012,
  title={Storing and indexing massive rdf datasets},
  author={Luo, Yongming and Picalausa, Fran{\c{c}}ois and Fletcher, George HL and Hidders, Jan and Vansummeren, Stijn},
  booktitle={Semantic Search over the Web},
  year={2012}
}

%----------Background ------------------------------------------------------------------------%
@article{kolas:2009,
  title={Efficient linked-list rdf indexing in parliament},
  author={Kolas, Dave and Emmons, Ian and Dean, Mike},
  journal={SSWS},
  volume={9},
  pages={17--32},
  year={2009}
}

@article{copeland:1985,
 author = {Copeland, George P. and Khoshafian, Setrag N.},
 title = {A Decomposition Storage Model},
 journal = {SIGMOD Rec.},
 issue_date = {May 1985},
 volume = {14},
 number = {4},
 month = may,
 year = {1985},
 issn = {0163-5808},
 pages = {268--279},
 numpages = {12},
 doi = {10.1145/971699.318923},
 acmid = {318923},
 publisher = {ACM},
 address = {New York, NY, USA},
} 

@inproceedings{Stonebraker:2005,
 author = {Stonebraker, Mike and Abadi, Daniel J. and Batkin, Adam and Chen, Xuedong and Cherniack, Mitch and Ferreira, Miguel and Lau, Edmond and Lin, Amerson and Madden, Sam and O'Neil, Elizabeth and O'Neil, Pat and Rasin, Alex and Tran, Nga and Zdonik, Stan},
 title = {C-store: A Column-oriented DBMS},
 booktitle = {Proceedings of the 31st International Conference on Very Large Data Bases},
 series = {VLDB '05},
 year = {2005},
 isbn = {1-59593-154-6},
 location = {Trondheim, Norway},
 pages = {553--564},
 numpages = {12},
 acmid = {1083658},
 publisher = {VLDB Endowment},
} 

@article{Sidirourgos:2008,
 author = {Sidirourgos, Lefteris and Goncalves, Romulo and Kersten, Martin and Nes, Niels and Manegold, Stefan},
 title = {Column-store Support for RDF Data Management: Not All Swans Are White},
 journal = {Proc. VLDB Endow.},
 issue_date = {August 2008},
 volume = {1},
 number = {2},
 month = aug,
 year = {2008},
 issn = {2150-8097},
 pages = {1553--1563},
 numpages = {11},
 acmid = {1454227},
 publisher = {VLDB Endowment},
} 

@inproceedings{Harth:2005,
 author = {Harth, Andreas and Decker, Stefan},
 title = {Optimized Index Structures for Querying RDF from the Web},
 booktitle = {Proceedings of the Third Latin American Web Congress},
 series = {LA-WEB '05},
 year = {2005},
 isbn = {0-7695-2471-0},
 pages = {71--},
 doi = {10.1109/LAWEB.2005.25},
 acmid = {1114857},
 publisher = {IEEE Computer Society},
 address = {Washington, DC, USA},
} 

@inproceedings{Nori:2007,
 author = {Nori, Anil},
 title = {Mobile and Embedded Databases},
 booktitle = {Proceedings of the 2007 ACM SIGMOD International Conference on Management of Data},
 series = {SIGMOD '07},
 year = {2007},
 isbn = {978-1-59593-686-8},
 location = {Beijing, China},
 pages = {1175--1177},
 numpages = {3},
 acmid = {1247648},
 publisher = {ACM},
 address = {New York, NY, USA},
 keywords = {devices, embedded, extensible, in-memory database, mobile, streams, synchronization},
} 

@incollection{Nixon:2000,
year={2000},
isbn={978-1-85233-228-0},
booktitle={Managing Interactions in Smart Environments},
editor={Nixon, Paddy and Lacey, Gerard and Dobson, Simon},
doi={10.1007/978-1-4471-0743-9_11},
title={A Context-Based Infrastructure for Smart Environments},
publisher={Springer London},
author={Dey, AnindK. and Abowd, GregoryD. and Salber, Daniel},
pages={114-128},
language={English}
}


@inproceedings{rusher:2003,
  title={Triple store},
  author={Rusher, Jack},
  booktitle={Workshop on Semantic Web Storage and Retrieval-Position Paper},
  year={2003}
}



@inproceedings{Lee:2007,
 author = {Lee, Sang-Won and Na, Gap-Joo and Kim, Jae-Myung and Oh, Joo-Hyung and Kim, Sang-Woo},
 title = {Research Issues in Next Generation DBMS for Mobile Platforms},
 booktitle = {Proceedings of the 9th International Conference on Human Computer Interaction with Mobile Devices and Services},
 series = {MobileHCI '07},
 year = {2007},
 pages = {457--461},
 publisher = {ACM},
 address = {New York, NY, USA}
}

@incollection{yars2:2007,
year={2007},
isbn={978-3-540-76297-3},
booktitle={The Semantic Web},
volume={4825},
series={Lecture Notes in Computer Science},
editor={Aberer, Karl and Choi, Key-Sun and Noy, Natasha and Allemang, Dean and Lee, Kyung-Il and Nixon, Lyndon and Golbeck, Jennifer and Mika, Peter and Maynard, Diana and Mizoguchi, Riichiro and Schreiber, Guus and Cudré-Mauroux, Philippe},
doi={10.1007/978-3-540-76298-0-16},
title={YARS2: A Federated Repository for Querying Graph Structured Data from the Web},
publisher={Springer Berlin Heidelberg},
author={Harth, Andreas and Umbrich, Jürgen and Hogan, Aidan and Decker, Stefan},
pages={211-224},
language={English}
}






@ARTICLE{Forman:1994, 
author={Forman, G.H. and Zahorjan, J.}, 
journal={Computer}, 
title={The challenges of mobile computing}, 
year={1994}, 
month={April}, 
volume={27}, 
number={4}, 
pages={38-47}, 
ISSN={0018-9162}}

@article{krogstie:2004,
  title={Research areas and challenges for mobile information systems},
  author={Krogstie, John and Lyytinen, Kalle and Opdahl, Andreas Lothe and Pernici, Barbara and Siau, Keng and Smolander, Kari},
  journal={International Journal of Mobile Communications},
  volume={2},
  number={3},
  pages={220--234},
  year={2004},
  publisher={Inderscience}
}

%----------Experimental Analysis-----------------------------------------------------------------%
@inproceedings{zavala:2011,
  title={Mobile, collaborative, context-aware systems},
  author={Zavala, Laura and Dharurkar, Radhika and Jagtap, Pramod and Finin, Tim and Joshi, Anupam},
  booktitle={Proc. AAAI Workshop on Activity Context Representation: Techniques and Languages, AAAI. AAAI Press},
  year={2011}
}

@incollection{riekki:2011,
year={2011},
isbn={978-3-642-20753-2},
booktitle={Advances in Grid and Pervasive Computing},
volume={6646},
series={Lecture Notes in Computer Science},
editor={Riekki, Jukka and Ylianttila, Mika and Guo, Minyi},
doi={10.1007/978-3-642-20754-9_22},
title={Yarta: A Middleware for Managing Mobile Social Ecosystems},
publisher={Springer Berlin Heidelberg},
author={Toninelli, Alessandra and Pathak, Animesh and Issarny, Valérie},
pages={209-220},
language={English}
}

@misc{knuth:1973,
  title={Sorting and Searching (The Art of Computer Programming volume 3)},
  author={Knuth, Donald E},
  year={1973},
  publisher={Addison Wesley, Reading, MA}
}


%----------Mobile Triple Store-----------------------------------------------------------------%
@article{Whang:2010,
 author = {Whang, Kyu-Young and Song, Il-Yeol and Kim, Taek-Yoon and Lee, Ki-Hoon},
 title = {The Ubiquitous DBMS},
 journal = {SIGMOD Rec.},
 issue_date = {December 2009},
 volume = {38},
 number = {4},
 month = jun,
 year = {2010},
 issn = {0163-5808},
 pages = {14--22},
 numpages = {9},
 doi = {10.1145/1815948.1815952},
 acmid = {1815952},
 publisher = {ACM},
 address = {New York, NY, USA}
} 

@inproceedings{Reitmayr:2003,
 author = {Reitmayr, Gerhard and Schmalstieg, Dieter},
 title = {Location Based Applications for Mobile Augmented Reality},
 booktitle = {Proceedings of the Fourth Australasian User Interface Conference on User Interfaces 2003 - Volume 18},
 series = {AUIC '03},
 year = {2003},
 isbn = {0-909925-96-8},
 location = {Adelaide, Australia},
 pages = {65--73},
 numpages = {9},
 acmid = {820103},
 publisher = {Australian Computer Society, Inc.},
 address = {Darlinghurst, Australia, Australia},
 keywords = {augmented reality, location based computing, mobile computing, tracking, wearable computing}
} 

@inproceedings{Reddivari:2005,
  title={Policy-based access control for an RDF store},
  author={Reddivari, Pavan and Finin, Tim and Joshi, Anupam},
  booktitle={Proceedings of the Policy Management for the Web workshop},
  pages={78--83},
  year={2005}
}

@INPROCEEDINGS{Becker:2003, 
author={Becker, C. and Schiele, G. and Gubbels, H. and Rothermel, K.}, 
booktitle={Pervasive Computing and Communications, 2003. (PerCom 2003). Proceedings of the First IEEE International Conference on}, 
title={BASE - a micro-broker-based middleware for pervasive computing}, 
year={2003}, 
month={March}, 
pages={443-451}, 
doi={10.1109/PERCOM.2003.1192769},}

@inproceedings{Papakonstantinou:2012,
 author = {Papakonstantinou, Vassilis and Michou, Maria and Fundulaki, Irini and Flouris, Giorgos and Antoniou, Grigoris},
 title = {Access Control for RDF Graphs Using Abstract Models},
 booktitle = {Proceedings of the 17th ACM Symposium on Access Control Models and Technologies},
 series = {SACMAT '12},
 year = {2012},
 isbn = {978-1-4503-1295-0},
 location = {Newark, New Jersey, USA},
 pages = {103--112},
 numpages = {10},
 doi = {10.1145/2295136.2295155},
 acmid = {2295155},
 publisher = {ACM},
 address = {New York, NY, USA},
 keywords = {abstract model, access control, inference, rdf},
} 

@article{Cai:2004,
title = "A subscribable peer-to-peer \{RDF\} repository for distributed metadata management ",
journal = "Web Semantics: Science, Services and Agents on the World Wide Web ",
volume = "2",
number = "2",
pages = "109 - 130",
year = "2004",
note = "",
issn = "1570-8268",
author = "Min Cai and Martin Frank and Baoshi Yan and Robert MacGregor",
}

@inproceedings{Nejdl:2003,
 author = {Nejdl, Wolfgang and Wolpers, Martin and Siberski, Wolf and Schmitz, Christoph and Schlosser, Mario and Brunkhorst, Ingo and L\"{o}ser, Alexander},
 title = {Super-peer-based Routing and Clustering Strategies for RDF-based Peer-to-peer Networks},
 booktitle = {Proceedings of the 12th International Conference on World Wide Web},
 series = {WWW '03},
 year = {2003},
 isbn = {1-58113-680-3},
 location = {Budapest, Hungary},
 pages = {536--543},
 numpages = {8},
 acmid = {775229},
 publisher = {ACM},
 address = {New York, NY, USA},
 keywords = {distributed RDF repositories, peer-to-peer, schema-based routing, semantic web},
} 

@inproceedings{Apolinarski:2013, 
author={Apolinarski, W. and Handte, M. and Iqbal, M.U. and Marron, P.J.}, 
booktitle={Pervasive Computing and Communications (PerCom), 2013 IEEE International Conference on}, 
title={PIKE: Enabling secure interaction with piggybacked key-exchange}, 
year={2013}, 
month={March}, 
pages={94-102}, 
doi={10.1109/PerCom.2013.6526719},}

@inproceedings{Gu:2004, 
author={Wang, X.H. and Da Qing Zhang and Tao Gu and Pung, H.K.}, 
booktitle={Pervasive Computing and Communications Workshops, 2004. Proceedings of the Second IEEE Annual Conference on}, 
title={Ontology based context modeling and reasoning using OWL}, 
year={2004}, 
month={March}, 
pages={18-22}, 
doi={10.1109/PERCOMW.2004.1276898},}

@inproceedings{Chen:2004, 
author={Chen, H. and Perich, F. and Finin, T. and Joshi, A.}, 
booktitle={Mobile and Ubiquitous Systems: Networking and Services, 2004. MOBIQUITOUS 2004. The First Annual International Conference on}, 
title={SOUPA: standard ontology for ubiquitous and pervasive applications}, 
year={2004}, 
month={Aug}, 
pages={258-267}, 
doi={10.1109/MOBIQ.2004.1331732},}

@inproceedings{Bowman:2007, 
author={Bowman, I.T. and Bumbulis, P. and Farrar, D. and Goel, A.K. and Lucier, B. and Nica, A. and Paulley, G. N. and Smirnios, J. and Young-Lai, M.}, 
booktitle={Data Engineering Workshop, 2007 IEEE 23rd International Conference on}, 
title={SQL Anywhere: A Holistic Approach to Database Self-management}, 
year={2007}, 
month={April}, 
pages={414-423}, 
keywords={SQL;relational databases;SQL anywhere;corporate intranet;database self-management;embedded database;full-function relational database system;mobile database;robust data management;workgroup server;Database systems;Environmental management;Handheld computers;Image databases;Operating systems;Query processing;Relational databases;Spatial databases;Trademarks;Transaction databases}, 
doi={10.1109/ICDEW.2007.4401024},}

@inproceedings{Wood:2005,
  title={Kowari: A platform for semantic web storage and analysis},
  author={Wood, David and Gearon, Paul and Adams, Tom},
  booktitle={XTech 2005 Conference},
  pages={05--0402},
  year={2005}
}

@inproceedings{Weiss:2009,
	author={Weiss, C and Bernstein, A},
	booktitle={5th International Workshop on Scalable Semantic Web Knowledge Base Systems},
	month={OCT},
	title={On-disk storage techniques for semantic web data - are B-trees always the optimal solution?},
	year=2009,
}


@inproceedings{Chong:2005,
 author = {Chong, Eugene Inseok and Das, Souripriya and Eadon, George and Srinivasan, Jagannathan},
 title = {An Efficient SQL-based RDF Querying Scheme},
 booktitle = {Proceedings of the 31st International Conference on Very Large Data Bases},
 series = {VLDB '05},
 year = {2005},
 isbn = {1-59593-154-6},
 location = {Trondheim, Norway},
 pages = {1216--1227},
 numpages = {12},
 acmid = {1083734},
 publisher = {VLDB Endowment},
} 


@incollection{Horrocks:2002,
year={2002},
isbn={978-3-540-43760-4},
booktitle={The Semantic Web — ISWC 2002},
volume={2342},
series={Lecture Notes in Computer Science},
editor={Horrocks, Ian and Hendler, James},
doi={10.1007/3-540-48005-6$\_$7},
title={Sesame: A Generic Architecture for Storing and Querying RDF and RDF Schema},
publisher={Springer Berlin Heidelberg},
author={Broekstra, Jeen and Kampman, Arjohn and Harmelen, Frank},
pages={54-68},
language={English}
}

@article{Zobel:2006,
 author = {Zobel, Justin and Moffat, Alistair},
 title = {Inverted Files for Text Search Engines},
 journal = {ACM Comput. Surv.},
 issue_date = {2006},
 volume = {38},
 number = {2},
 month = jul,
 year = {2006},
 issn = {0360-0300},
 articleno = {6},
 acmid = {1132959},
 publisher = {ACM},
 address = {New York, NY, USA},
 keywords = {Inverted file indexing, Web search engine, document database, information retrieval, text retrieval},
} 



@article{Westmann:2000,
 author = {Westmann, Till and Kossmann, Donald and Helmer, Sven and Moerkotte, Guido},
 title = {The Implementation and Performance of Compressed Databases},
 journal = {SIGMOD Rec.},
 issue_date = {Sept. 2000},
 volume = {29},
 number = {3},
 month = sep,
 year = {2000},
 issn = {0163-5808},
 pages = {55--67},
 numpages = {13},
 acmid = {362137},
 publisher = {ACM},
 address = {New York, NY, USA}
} 

@inproceedings{Harris:2009,
  title={4store: The design and implementation of a clustered RDF store},
  author={Harris, Steve and Lamb, Nick and Shadbolt, Nigel},
  booktitle={5th International Workshop on Scalable Semantic Web Knowledge Base Systems (SSWS2009)},
  pages={94--109},
  year={2009}
}


%-------------------------------------------------------------------------------------%
@inproceedings{Gutierrez:2004,
 author = {Gutierrez, Claudio and Hurtado, Carlos and Mendelzon, Alberto O.},
 title = {Foundations of semantic web databases},
 booktitle = {Proceedings of the twenty-third ACM SIGMOD-SIGACT-SIGART symposium on Principles of database systems},
 series = {PODS '04},
 year = {2004},
 isbn = {158113858X},
 location = {Paris, France},
 pages = {95--106},
 numpages = {12},
 acmid = {1055573},
 publisher = {ACM},
 address = {New York, NY, USA}
} 


@article{Bux:2010,
title = "Performance of greedy garbage collection in flash-based solid-state drives ",
journal = "Performance Evaluation ",
volume = "67",
number = "11",
pages = "1172 - 1186",
year = "2010",
note = "Performance 2010 ",
author = "Werner Bux and Ilias Iliadis"
}

@article{Chang:2004,
 author = {Chang, Li-Pin and Kuo, Tei-Wei and Lo, Shi-Wu},
 title = {Real-time Garbage Collection for Flash-memory Storage Systems of Real-time Embedded Systems},
 journal = {ACM Trans. Embed. Comput. Syst.},
 issue_date = {November 2004},
 volume = {3},
 number = {4},
 month = nov,
 year = {2004},
 pages = {837--863},
 publisher = {ACM},
 address = {New York, NY, USA},
 keywords = {Embedded systems, flash memory, garbage collection, real-time system, storage systems}
} 


%=============chapter 5 : Evalutaiton ===================================
@article{BSBM:2009,
  title={The berlin sparql benchmark},
  author={Bizer, Christian and Schultz, Andreas},
  journal={International Journal on Semantic Web and Information Systems (IJSWIS)},
  year={2009},
}

@article{Guo:2005,
title = "LUBM: A benchmark for \{OWL\} knowledge base systems ",
journal = "Web Semantics: Science, Services and Agents on the World Wide Web ",
volume = "3",
number = "2–3",
pages = "158 - 182",
year = "2005",
note = "Selcted Papers from the International Semantic Web Conference, 2004 ISWC, 2004 3rd. International Semantic Web Conference, 2004 ",
issn = "1570-8268",
doi = "http://dx.doi.org/10.1016/j.websem.2005.06.005",
author = "Yuanbo Guo and Zhengxiang Pan and Jeff Heflin",
keywords = "Semantic Web",
keywords = "Knowledge base system",
keywords = "Lehigh University Benchmark",
keywords = "Evaluation "
}

%=================iswc 2016
﻿@inproceedings{Kirrane:2013_long,
author="Kirrane, Sabrina and Mileo, Alessandra and Decker, Stefan",
editor="Janczewski, Lech J. and Wolfe, Henry B. and Shenoi, Sujeet",
title="Applying DAC Principles to the RDF Graph Data Model",
chapter="Security and Privacy Protection in Information Processing Systems: 28th IFIP TC 11 International Conference, SEC 2013, Auckland, New Zealand, July 8-10, 2013. Proceedings",
year="2013",
publisher="Springer Berlin Heidelberg",
address="Berlin, Heidelberg",
pages="69--82",
isbn="978-3-642-39218-4",
doi="10.1007/978-3-642-39218-4_6",
}

@inproceedings{Kirrane:2013_short,
author="Kirrane, Sabrina and Mileo, Alessandra and Decker, Stefan",
title="Applying DAC Principles to the RDF Graph Data Model",
booktitle="International Conference, SEC 2013, Auckland, New Zealand, July 8-10, 2013. Proceedings",
year="2013",
}

@Inbook{Aquin:2010_full,
author="d'Aquin, Mathieu
and Nikolov, Andriy
and Motta, Enrico",
editor="Cimiano, Philipp
and Pinto, H. Sofia",
chapter="How Much Semantic Data on Small Devices?",
title="Knowledge Engineering and Management by the Masses: 17th International Conference, EKAW 2010, Lisbon, Portugal, October 11-15, 2010. Proceedings",
year="2010",
publisher="Springer Berlin Heidelberg",
address="Berlin, Heidelberg",
pages="565--575",
isbn="978-3-642-16438-5",
doi="10.1007/978-3-642-16438-5_46",
}

@Inbook{Aquin:2010_short,
author="d'Aquin, Mathieu
and Nikolov, Andriy
and Motta, Enrico",
chapter="How Much Semantic Data on Small Devices?",
title="Knowledge Engineering and Management by the Masses: 17th International Conference, EKAW 2010, Lisbon, Portugal, October 11-15, 2010. Proceedings",
year="2010",
publisher="Springer Berlin Heidelberg",
pages="565--575",
}

@inproceedings{Barbieri:2009,
  title={C-SPARQL: SPARQL for continuous querying},
  author={Barbieri, Davide Francesco and Braga, Daniele and Ceri, Stefano and Della Valle, Emanuele and Grossniklaus, Michael},
  booktitle={Proceedings of the 18th international conference on World wide web},
  pages={1061--1062},
  year={2009},
  organization={ACM}
}

@InProceedings{Le-Phuoc:2011,
author="Le-Phuoc, Danh
and Dao-Tran, Minh
and Xavier Parreira, Josiane
and Hauswirth, Manfred",
title="A Native and Adaptive Approach for Unified Processing of Linked Streams and Linked Data",
booktitle="The Semantic Web -- ISWC 2011",
year="2011",
publisher="Springer Berlin Heidelberg",
address="Berlin, Heidelberg",
pages="370--388",
isbn="978-3-642-25073-6"
}



